@book{testBook,
   AUTHOR="John Doe",
   TITLE="The Book without a title",
   PUBLISHER="Dummy Publisher",
   YEAR="2100"
}

@misc{QEMUDOC1,
   TITLE="QEMU Emulator User Documentation",
   HOWPUBLISHED = {\url{http://download.qemu-project.org/qemu-doc.html#QEMU-PC-System-emulator}},
   note = {Accessed: 4/13/2017}
}